@article{pylvanainen,
	title={Supporting Microscopy Learning with Ocul-AR, a Virtual and Augmented Reality-Powered Mobile Application},
	author={Joanna Pylv채n채inen and Junel Solis and Diana Toivola and Pasi Kankaanp채채},
	year={2023},
	month={may},
	volume={3393},
	pages={28-37},
	journal={CEUR Workshop Proceedings},
	issn={1613-0073},
	publisher={CEUR Workshop Proceedings},
	note={Technology-Enhanced Learning in Laboratories workshop (TELL) ; Conference date: 27-04-2023}
}

@Article{estrada,
	author={Estrada, John and Paheding, Sidike and Yang, Xiaoli and Niyaz, Quamar},
	title={Deep-Learning-Incorporated Augmented Reality Application for Engineering Lab Training},
	journal={Applied Sciences},
	volume={12},
	year={2022},
	number={10},
	url={https://www.mdpi.com/2076-3417/12/10/5159},
	issn={2076-3417},
	doi={10.3390/app12105159}
}



